@inproceedings{subramanian2021reinforcement,
  title={Reinforcement Learning and its Connections with Neuroscience and Psychology},
  author={Subramanian, Ajay and Chitlangia, Sharad and Baths, Veeky},
  booktitle={arXiv},
  year={2021},
}

@inproceedings{subramanian2019word2brain2image,
  title={Word2Brain2Image: Visual Reconstruction from Spoken Word Representations},
  author={Subramanian, Ajay and Patil, Rajaswa and Baths, Veeky},
  booktitle={ACCS},
  year={2019},
}
