@inproceedings{subramanian2021reinforcement,
  title={Reinforcement Learning and its Connections with Neuroscience and Psychology},
  author={Subramanian, Ajay and Chitlangia, Sharad and Baths, Veeky},
  booktitle={arXiv},
  year={2021},
}