@inproceedings{subramanian2019word2brain2image,
  title={Word2Brain2Image: Visual Reconstruction from Spoken Word Representations},
  author={Subramanian, Ajay and Patil, Rajaswa and Baths, Veeky},
  booktitle={ACCS},
  year={2019},
}
