@article{subramanian2021satbench,
  title={SATBench: A Benchmark of the Human Speed-Accuracy Tradeoff in Recognizing Objects},
  author={Subramanian, Ajay and Sizikova, Elena and Kumbhar, Omkar and Majaj, Najib J and Pelli, Denis},
  year={2021}
}